<?xml version="1.0" encoding="UTF-8"?><collection xmlns="http://www.loc.gov/MARC21/slim"><record><leader>00548nam--2200169-i-4500</leader><controlfield tag="001">000048732</controlfield><controlfield tag="002">20161230</controlfield><controlfield tag="005">20161230201047</controlfield><controlfield tag="008">060222s1000------------r-----000-0-eng-d</controlfield><datafield ind1=" " ind2=" " tag="040"><subfield code="a">IFIN-HH</subfield></datafield><datafield ind1=" " ind2=" " tag="080"><subfield code="a">061.3:539.1:539.2</subfield></datafield><datafield ind1="1" ind2=" " tag="110"><subfield code="a">Department Of Atomic Energy</subfield></datafield><datafield ind1="1" ind2="0" tag="245"><subfield code="a">Proceedings of the nuclear physics and solid state physics symposium 1970, madurai, december 27-30,1970</subfield><subfield code="b">Volume iii solid state physics</subfield></datafield><datafield ind1=" " ind2=" " tag="260"><subfield code="a">Madurai</subfield><subfield code="b">Department Of Atomic Energy</subfield><subfield code="c">1970</subfield></datafield><datafield ind1=" " ind2=" " tag="300"><subfield code="a">771P</subfield></datafield><datafield ind1=" " ind2=" " tag="852"><subfield code="a">34885</subfield><subfield code="c">539</subfield></datafield><datafield ind1=" " ind2=" " tag="CAT"><subfield code="a">Sys</subfield><subfield code="c">20111006</subfield><subfield code="h">134143</subfield></datafield></record></collection>